<record><leader>00000cas a2200000 a 4500</leader><controlfield tag="001">24314121</controlfield><controlfield tag="008">910830d18831uuuiluwr ne      0   a0eng c</controlfield><datafield ind1=" " ind2=" " tag="010"><subfield code="a">sn 91054138 </subfield></datafield><datafield ind1=" " ind2=" " tag="040"><subfield code="a">NVF</subfield><subfield code="b">eng</subfield><subfield code="c">NVF</subfield><subfield code="d">NVF</subfield><subfield code="d">OCLCF</subfield><subfield code="d">OCLCO</subfield></datafield><datafield ind1="1" ind2=" " tag="029"><subfield code="a">AU@</subfield><subfield code="b">000020682927</subfield></datafield><datafield ind1=" " ind2=" " tag="042"><subfield code="a">pcc</subfield></datafield><datafield ind1=" " ind2=" " tag="043"><subfield code="a">n-us-il</subfield></datafield><datafield ind1="0" ind2="0" tag="245"><subfield code="a">Collinsville progress.</subfield></datafield><datafield ind1=" " ind2=" " tag="260"><subfield code="a">Collinsville, Ill. :</subfield><subfield code="b">Jung Bros.</subfield></datafield><datafield ind1=" " ind2=" " tag="300"><subfield code="a">v.</subfield></datafield><datafield ind1=" " ind2=" " tag="310"><subfield code="a">Weekly</subfield></datafield><datafield ind1="1" ind2=" " tag="362"><subfield code="a">Began in 1883?</subfield></datafield><datafield ind1=" " ind2=" " tag="588"><subfield code="a">Description based on: Vol. 3, no. 3 (Nov. 12, 1885).</subfield></datafield><datafield ind1=" " ind2=" " tag="588"><subfield code="a">Latest issue consulted: Vol. 3, no. 25 (Apr. 22, 1886).</subfield></datafield><datafield ind1=" " ind2="0" tag="651"><subfield code="a">Collinsville (Ill.)</subfield><subfield code="v">Newspapers.</subfield></datafield><datafield ind1=" " ind2="7" tag="655"><subfield code="a">Newspapers.</subfield><subfield code="2">fast</subfield><subfield code="0">(OCoLC)fst01423814</subfield></datafield><datafield ind1=" " ind2="7" tag="651"><subfield code="a">Illinois</subfield><subfield code="z">Collinsville.</subfield><subfield code="2">fast</subfield><subfield code="0">(OCoLC)fst01217072</subfield></datafield><datafield ind1=" " ind2=" " tag="752"><subfield code="a">United States</subfield><subfield code="b">Illinois</subfield><subfield code="c">Madison</subfield><subfield code="d">Collinsville.</subfield></datafield></record>